% Encoding: UTF-8
@Manual{novathesis-manual,
	title       = {{The NOVAthesis \LaTeX\ Template User's Manual}},
	author      = {João M. Lourenço},
	organization={ NOVA University Lisbon},
	year        = {2021},
	url         = {https://github.com/joaomlourenco/novathesis/raw/master/template.pdf},
	keywords    = {novathesis-manual},
}


@misc{ Parkins2017,
	author       = "Parkins, David",
	booktitle    = "Economist (United Kingdom)",
	issn         = "00130613",
	mendeley     = "I4.0/BigData",
	number       = "9035",
	title        = "{Regulating the internet giants: The world's most valuable resource is no longer oil, but data}",
	url          = "https://www.economist.com/leaders/2017/05/06/the-worlds-most-valuable-resource-is-no-longer-oil-but-data?fbclid=IwAR1EaO3g6OJoDuhrHBNyqQJAqR2NyhvcZ07uexTWa3Hujq0azNMVHKhQido",
	urldate      = "2020-01-21",
	volume       = "413",
	year         = "2017",
}

@Misc{ Artho03,
	author       = "C. Artho and K. Havelund and A. Biere",
	title        = "High-Level Data Races",
	text         = "C. Artho, K. Havelund, and A. Biere. High-Level Data Races. In VVEIS'03, The First International Workshop on Verification and Validation of Enterprise Information Systems, April 2003. Angers, France.",
	year         = "2003",
	url          = "citeseer.ist.psu.edu/artho03highlevel.html",
}

@Article{ Beckman08,
	title        = "Verifying Correct Usage of Atomic Blocks and Typestate",
	author       = "Nels E. Beckman and Kevin Bierhoff and Jonathan Aldrich",
	publisher    = "ACM",
	address      = "New York, NY, USA",
	journal      = "SIGPLAN Not.",
	pages        = "227--244",
	volume       = "43",
	number       = "10",
	year         = "2008",
	issn         = "0362-1340",
	doi          = "http://doi.acm.org/10.1145/1449955.1449783",
}

@Article{ Paolo,
	title        = "The impact of signal preprocessing on the final interpretation of analytical outcomes – A tutorial",
	author       = "Paolo Oliveri, Cristina Malegori, Remo Simonetti and Monica Casale",
	journal      = "Analytica Chimica Acta",
	pages        = "9–17",
	volume       = "1058",
	year         = "2019",
	doi          = "10.1016/j.aca.2018.10.055",
}

@Article{ Graham,
	title        = "Missing data analysis: making it work in the real world",
	author       = "Graham JW.",
	journal      = "Annu Rev Psychol",
	pages        = "549-76",
	volume       = "60",
	year         = "2009",
	doi          = "10.1146/annurev.psych.58.110405.085530",
}

@Article{ Azur,
	title        = "Multiple imputation by chained equations: what is it and how does it work?.",
	author       = "Azur, Melissa J and et al",
	journal      = "International journal of methods in psychiatric research",
	pages        = "40-9",
	volume       = "20,1",
	year         = "2011",
	doi          = "10.1002/mpr.329",
}

@Article{ Pyle,
	title        = "Data Preparation for Data Mining",
	author       = "Pyle, D.",
	publisher    = "Morgan Kaufmann Publishers",
	year         = "1999",
	address      = "Los Altos, California.",
	doi          = "10.1016/j.aca.2018.10.055",
}

@Article{ Rubin,
	title        = "Inference and missing data",
	author       = "Donald B. Rubin",
	publisher    = "Biometrika",
	year         = "1976",
	volume       = "63",
	pages        = "581–592",
	doi          = "https://doi.org/10.1093/biomet/63.3.581",
}

@Article{ Hang,
	title        = "The prevention and handling of the missing data.",
	author       = "Kang H.",
	journal    = "Korean J Anesthesiol",
	year         = "2013",
	pages        = "402-406",
	volume       = "64(5)",
	doi          = "10.4097/kjae.2013.64.5.402",
}


@Article{ Katsonis,
	title        = "Single nucleotide variations: Biological impact and theoretical interpretation.",
	author       = " Katsonis, P. and Koire, A. and Wilson, S.J. and Hsu, T.-K. and Lua, R.C. and Wilkins, A.D. and Lichtarge, O.",
	journal      = "Protein Science",
	pages        = "1650-1666",
	volume       = "23",
	year         = "2014",
	doi          = "https://doi.org/10.1002/pro.2552",
}

@Article{ Iñigo,
	title        = "Universal Patterns of Selection in Cancer and Somatic Tissues",
	author       = "Iñigo Martincorena and Keiran M. Raine and Moritz Gerstung and Kevin J. Dawson and Kerstin Haase and Peter Van Loo and Helen Davies and Michael R. Stratton and Peter J. Campbell",
	journal      = "Cell",
	pages        = "1029-1041",
	volume       = "171",
	number       = "21",
	year         = "October 19, 2017",
	doi          = "https://doi.org/10.1016/j.cell.2017.09.042",
}

@Article{ Bruford,
	title        = "Guidelines for human gene nomenclature.",
	author       = "Bruford and Elspeth A and et al",
	journal      = "Nature genetics",
	pages        = "754-758",
	volume       = "52",
	number       = "8",
	year         = "2020",
	doi          = "10.1038/s41588-020-0669-3",
}

@Article{Rebecca,
    author = "Rebecca L. Pollex  and Robert A. Hegele",
    title = "Copy Number Variation in the Human Genome and Its Implications for Cardiovascular Disease",
    journal = "Circulation",
    volume = "115",
    number = "24",
    pages = "3130-3138",
    year = "2007",
    doi = "10.1161/CIRCULATIONAHA.106.677591",
    URL = "https://www.ahajournals.org/doi/abs/10.1161/CIRCULATIONAHA.106.677591",
    eprint = "https://www.ahajournals.org/doi/pdf/10.1161/CIRCULATIONAHA.106.677591",
}

@Article{ Bryois,
	title        = "Cis and trans effects of human genomic variants on gene expression.",
	author       = "Bryois J and Buil A and Evans DM and Kemp JP and Montgomery SB and Conrad DF and Ho KM and Ring S and Hurles M and Deloukas P and Davey Smith G and Dermitzakis ET.",
	journal      = "PLoS Genet",
	pages        = "227--244",
	volume       = "10",
	number       = "7",
	year         = "2014",
	doi          = "10.1371/journal.pgen.1004461",
}

@Article{ Zhu,
	title        = "Using single nucleotide variations in single-cell RNA-seq to identify subpopulations and genotype-phenotype linkage.",
	author       = "Poirion O and Zhu X and Ching T and Garmire LX. ",
	journal      = "Nature communications",
	volume       = "9",
	number       = "1 4892",
	year         = "2018",
	doi          = "10.1038/s41467-018-07170-5",
}


@Article{ Herceg,
    title = "Genetic and epigenetic alterations as biomarkers for cancer detection, diagnosis and prognosis",
    author = "Herceg Z. and Hainaut P.",
    journal = " Mol Oncol.",
    pages = "26-41",
    volume = "vol. 1",
    year = "2007",
    doi = "10.1016/j.molonc.2007.01.004",
}

@Article{ Li,
    title = "Optimal Search Based Gene Selection for Cancer Prognosis",
    author = "J. Li and H. Su and H. Chen",
    journal = " Proc. 11th Americas Conference on Information Systems",
    year = "2005",
}

@Article{ Bailey,
    title = "Comprehensive Characterization of Cancer Driver Genes and Mutations",
    author = "Bailey MH and Tokheim C and Porta-Pardo E and Sengupta S and Bertrand D and Weerasinghe A and et al.",
    journal = "Cell",
    pages = "371–85",
    volume = "173(2)",
    year = "2018",
    doi = "10.1016/j.cell.2018.02.060",
}

@Article{ Carter,
    title = " Cancer-specific high-throughput annotation of somatic mutations: computational prediction of driver missense mutations",
    author = "Carter H and Chen S and Isik L and Tyekucheva S and Velculescu VE and Kinzler KW and Vogelstein B and Karchin R.",
    journal = "Cancer research",
    year = "2009",
}


@InProceedings{ Flanagan04,
	author       = "Cormac Flanagan and Stephen N Freund",
	title        = "Atomizer: a dynamic atomicity checker for multithreaded programs",
	booktitle    = "POPL '04: Proceedings of the 31st ACM SIGPLAN-SIGACT symposium on Principles of programming languages",
	year         = "2004",
	isbn         = "1-58113-729-X",
	pages        = "256--267",
	location     = "Venice, Italy",
	doi          = "http://doi.acm.org/10.1145/964001.964023",
	publisher    = "ACM",
	address      = "New York, NY, USA",
}

@Book{ Alberts,
	author       = "Alberts B and Johnson A and Lewis J and Raff M and Roberts K and Walter P",
	title        = "Molecular Biology of the Cell",
	year         = "2002",
	volume       = "4",
	isbn         = "0-8153-3218-1",
	publisher    = "Garland Science",
	pages        = "pp. 120 - 121",
}

@Book{ Moss85,
	author       = "J. Eliot B. Moss",
	title        = "Nested transactions: an approach to reliable distributed computing",
	year         = "1985",
	isbn         = "0-262-13200-1",
	publisher    = "Massachusetts Institute of Technology",
	address      = "Cambridge, MA, USA",
}

@Book{ Berthold,
	author       = "M.R. Berthold and C. Borgelt and F. Höppner and F. Klawonn and R. Silipo",
	title        = "Guide to Intelligent Data Science",
	year         = "2020",
	isbn         = "0-262-13200-1",
	publisher    = "Springer, Cham",
	doi          = "https://doi.org/10.1007/978-3-030-45574-3",
}

 “Guide to Intelligent Data Science”, Springer, 2020


@Proceedings{ DBLP:conf/atva/2004,
	editor       = "Farn Wang",
	title        = "Automated Technology for Verification and Analysis: Second International Conference, ATVA 2004, Taipei, Taiwan, ROC, October 31-November 3, 2004. Proceedings",
	booktitle    = "ATVA",
	publisher    = "Springer",
	series       = "Lecture Notes in Computer Science",
	volume       = "3299",
	year         = "2004",
	isbn         = "3-540-23610-4",
	bibsource    = "DBLP, http://dblp.uni-trier.de",
}
